<?xml version="1.0" encoding="UTF-8"?><record xmlns="http://www.loc.gov/MARC21/slim" xmlns:cinclude="http://apache.org/cocoon/include/1.0" xmlns:zs="http://www.loc.gov/zing/srw/">
  <leader>01168cz  a2200193n  4500</leader>
  <controlfield tag="001">n 2007218094</controlfield>
  <controlfield tag="003">DLC</controlfield>
  <controlfield tag="005">20130326101732.0</controlfield>
  <controlfield tag="008">080307n| acannaabn          |a ana      </controlfield>
  <datafield tag="010" ind1=" " ind2=" ">
    <subfield code="a">n 2007218094</subfield>
  </datafield>
  <datafield tag="040" ind1=" " ind2=" ">
    <subfield code="a">DLC</subfield>
    <subfield code="b">eng</subfield>
    <subfield code="c">DLC</subfield>
    <subfield code="d">DLC</subfield>
  </datafield>
  <datafield tag="110" ind1="2" ind2=" ">
    <subfield code="a">Salimullāha Musalima Hala (University of Dhaka).</subfield>
    <subfield code="b">Prāktana Chātra Samiti.</subfield>
    <subfield code="b">Prīti Sammilana</subfield>
    <subfield code="d">(2006 :</subfield>
    <subfield code="c">University of Dhaka)</subfield>
  </datafield>
  <datafield tag="368" ind1=" " ind2=" ">
    <subfield code="a">Conference</subfield>
  </datafield>
  <datafield tag="373" ind1=" " ind2=" ">
    <subfield code="a">University of Dhaka</subfield>
  </datafield>
  <datafield tag="411" ind1="2" ind2=" ">
    <subfield code="a">Reunion of Salimullah Muslim Hall Alumni Association</subfield>
    <subfield code="d">(2006 :</subfield>
    <subfield code="c">University of Dhaka)</subfield>
  </datafield>
  <datafield tag="411" ind1="2" ind2=" ">
    <subfield code="a">Salimullāha Musalima Hala Prāktana Chātra Samitira Prīti Sammilana</subfield>
    <subfield code="d">(2006 :</subfield>
    <subfield code="c">University of Dhaka)</subfield>
  </datafield>
  <datafield tag="410" ind1="2" ind2=" ">
    <subfield code="a">Salimullāha Musalima Hala (University of Dhaka).</subfield>
    <subfield code="b">Prāktana Chātra Samiti.</subfield>
    <subfield code="b">Reunion</subfield>
    <subfield code="d">(2006 :</subfield>
    <subfield code="c">University of Dhaka)</subfield>
  </datafield>
  <datafield tag="667" ind1=" " ind2=" ">
    <subfield code="a">THIS 1XX FIELD CANNOT BE USED UNDER RDA UNTIL THIS RECORD HAS BEEN REVIEWED AND/OR UPDATED</subfield>
  </datafield>
  <datafield tag="670" ind1=" " ind2=" ">
    <subfield code="a">Salimullāha Musalima Hala Prāktana Chātra Samiti Prīti Sammilana-2006, 2006:</subfield>
    <subfield code="b">p. 21 (held in 2006 at Dhaka U.) p. 320 (Reunion of Salimullah Muslim Hall Alumni Association) p. 326 (Salimullāha Musalima Hala Prāktana Chātra Samitira Prīti Sammilana)</subfield>
  </datafield>
</record>